@article{Zadeh1986ACombination,
    title = {{A Simple View of the Dempster-Shafer Theory of Evidence and Its Implication for the Rule of Combination}},
    year = {1986},
    journal = {AI Magazine},
    author = {Zadeh, Lotfi A.},
    number = {2},
    month = {6},
    pages = {85--85},
    volume = {7},
    url = {https://www.aaai.org/ojs/index.php/aimagazine/article/view/542},
    doi = {10.1609/AIMAG.V7I2.542},
    issn = {2371-9621}
}

@book{Gardenfors2003BeliefRevision,
    title = {{Belief revision}},
    year = {2003},
    author = {GaÌˆrdenfors, Peter.},
    pages = {277},
    publisher = {Cambridge University Press},
    url = {https://books.google.co.uk/books?hl=en&lr=&id=9621gdbfESgC&oi=fnd&pg=PA220&dq=modelling+an+AI%27s+belief&ots=DugjLu9LLx&sig=Ck74yYotHuJ6GLyBqpoWrQTNZo4#v=onepage&q&f=false},
    isbn = {0521545641}
}